@article{Kwon:1996:COR:232790.232792,
 author = {Kwon, Oh-Young and Park, Gi-Ho and Han, Tack-Don},
 title = {A Compiler Optimization to Reduce Execution Time of Loop Nest},
 journal = {SIGARCH Comput. Archit. News},
 issue_date = {March 1996},
 volume = {24},
 number = {1},
 month = mar,
 year = {1996},
 issn = {0163-5964},
 pages = {6--11},
 numpages = {6},
 url = {http://doi.acm.org/10.1145/232790.232792},
 doi = {10.1145/232790.232792},
 acmid = {232792},
 publisher = {ACM},
 address = {New York, NY, USA},
}

@inproceedings{Miniskar:2012:FIL:2380403.2380426,
 author = {Miniskar, Narasinga Rao and Gode, Pankaj Shailendra and Kohli, Soma and Yoo, Donghoon},
 title = {Function Inlining and Loop Unrolling for Loop Acceleration in Reconfigurable Processors},
 booktitle = {Proceedings of the 2012 International Conference on Compilers, Architectures and Synthesis for Embedded Systems},
 series = {CASES '12},
 year = {2012},
 isbn = {978-1-4503-1424-4},
 location = {Tampere, Finland},
 pages = {101--110},
 numpages = {10},
 url = {http://doi.acm.org/10.1145/2380403.2380426},
 doi = {10.1145/2380403.2380426},
 acmid = {2380426},
 publisher = {ACM},
 address = {New York, NY, USA},
 keywords = {coarse grained reconfigurable arrays, compilers, optimizations, performance analysis, vliw},
} 

